<?xml version="1.0" encoding="utf-8"?>
<record xmlns="http://www.loc.gov/MARC21/slim" xmlns:xsi="http://www.w3.org/2001/XMLSchema-instance" xsi:schemaLocation="http://www.loc.gov/MARC21/slim http://www.loc.gov/standards/marcxml/schema/MARC21slim.xsd">
	<leader>     nam a22        4500</leader>
	<controlfield tag="001">b12131301</controlfield>
	<controlfield tag="003">UaCaAUL</controlfield>
	<controlfield tag="006">m        d        </controlfield>
	<controlfield tag="007">cr cn |||m|||a</controlfield>
	<controlfield tag="008">170907s1899    ua      o     000 0 arard</controlfield>
	<datafield ind1=" " ind2=" " tag="040">
		<subfield code="a">NNU</subfield>
		<subfield code="b">eng</subfield>
		<subfield code="e">rda</subfield>
		<subfield code="c">NNU</subfield>
	</datafield>
	<datafield ind1=" " ind2="4" tag="050">
		<subfield code="a">PJ7755.I18</subfield>
		<subfield code="b">A172 1899</subfield>
	</datafield>
	<datafield ind1="1" ind2=" " tag="100">
		<subfield code="6">880-01</subfield>
		<subfield code="a">Farghalī, Muḥammad.</subfield>
	</datafield>
	<datafield ind1="1" ind2="0" tag="240">
		<subfield code="6">880-02</subfield>
		<subfield code="a">ʻIqd al-nafīs bi-tashṭīr wa-takhmīs dīwān ... ʻUmar ibn al-Fāriḍ</subfield>
	</datafield>
	<datafield ind1="1" ind2="0" tag="245">
		<subfield code="6">880-03</subfield>
		<subfield code="a">Kitāb al-ʻIqd al-nafīs bi-tashṭīr wa-takhmīs dīwān sulṭān al-ʻāshiqīn al-ʻĀrif billāh sayyidī ʻUmar ibn al-Fāriḍ al-shahīr /</subfield>
		<subfield code="c">li-nāzịmihi Muḥammad Farghalī al-Anṣārī al-Ṭahṭāwī.</subfield>
	</datafield>
	<datafield ind1=" " ind2=" " tag="250">
		<subfield code="6">880-04</subfield>
		<subfield code="a">al-Ṭabʻah 1.</subfield>
	</datafield>
	<datafield ind1=" " ind2=" " tag="260">
		<subfield code="6">880-05</subfield>
		<subfield code="a">al-Fajālah :</subfield>
		<subfield code="b">Maṭbaʻat al-Tawfīq,</subfield>
		<subfield code="c">1316 [1899]</subfield>
	</datafield>
	<datafield ind1=" " ind2=" " tag="300">
		<subfield code="a">online resource (226 pages)</subfield>
	</datafield>
	<datafield ind1=" " ind2=" " tag="336">
		<subfield code="a">text</subfield>
		<subfield code="2">rdacontent</subfield>
	</datafield>
	<datafield ind1=" " ind2=" " tag="337">
		<subfield code="a">computer</subfield>
		<subfield code="2">rdamedia</subfield>
	</datafield>
	<datafield ind1=" " ind2=" " tag="338">
		<subfield code="a">online resource</subfield>
		<subfield code="2">rdacarrier</subfield>
	</datafield>
	<datafield ind1=" " ind2=" " tag="500">
		<subfield code="a">Part of the Arabic Collections Online (ACO) project, contributed by American University in Cairo Library.</subfield>
	</datafield>
	<datafield ind1=" " ind2=" " tag="533">
		<subfield code="a">Electronic reproduction.</subfield>
		<subfield code="b">New York, N.Y. :</subfield>
		<subfield code="c">New York University,</subfield>
		<subfield code="d">2017.</subfield>
		<subfield code="5">NNU</subfield>
	</datafield>
	<datafield ind1="1" ind2="0" tag="600">
		<subfield code="6">880-06</subfield>
		<subfield code="a">Ibn al-Fāriḍ, ʻUmar ibn ʻAlī,</subfield>
		<subfield code="d">1181 or 1182-1235.</subfield>
		<subfield code="t">Dīwān.</subfield>
	</datafield>
	<datafield ind1="0" ind2="7" tag="630">
		<subfield code="a">Dīwān (Ibn al-Fāriḍ, ʻUmar ibn ʻAlī)</subfield>
		<subfield code="2">fast</subfield>
		<subfield code="0">(OCoLC)fst01380574</subfield>
	</datafield>
	<datafield ind1="1" ind2=" " tag="700">
		<subfield code="6">880-07</subfield>
		<subfield code="a">Ibn al-Fāriḍ, ʻUmar ibn ʻAlī,</subfield>
		<subfield code="d">1181 or 1182-1235.</subfield>
		<subfield code="t">Dīwān.</subfield>
	</datafield>
	<datafield ind1="2" ind2=" " tag="710">
		<subfield code="a">American University in Cairo.</subfield>
		<subfield code="b">Library.</subfield>
	</datafield>
	<datafield ind1="0" ind2=" " tag="730">
		<subfield code="a">Arabic Collections Online.</subfield>
	</datafield>
	<datafield ind1="0" ind2="8" tag="776">
		<subfield code="i">Print version:</subfield>
		<subfield code="a">Farghalī, Muḥammad.</subfield>
		<subfield code="t">Kitāb al-ʻIqd al-nafīs bi-tashṭīr wa-takhmīs dīwān sulṭān al-ʻāshiqīn al-ʻĀrif billāh sayyidī ʻUmar ibn al-Fāriḍ al-shahīr</subfield>
		<subfield code="w">(UaCaAUL)b12131301</subfield>
		<subfield code="w">(OCoLC)707095816</subfield>
	</datafield>
	<datafield ind1="4" ind2="0" tag="856">
		<subfield code="u">http://hdl.handle.net/2333.1/fbg79jd9</subfield>
	</datafield>
	<datafield ind1="1" ind2=" " tag="880">
		<subfield code="6">100-01/r</subfield>
		<subfield code="a">فرغلي، محمد.</subfield>
	</datafield>
	<datafield ind1="1" ind2="0" tag="880">
		<subfield code="6">240-02/r</subfield>
		<subfield code="a">عقد النفيس بتشطير وتخميس ديوان ... عمر بن الفارض</subfield>
	</datafield>
	<datafield ind1="1" ind2="0" tag="880">
		<subfield code="6">245-03/r</subfield>
		<subfield code="a">كتاب العقد النفيس بتشطير وتخميس ديوان سلطان العاشقين العارف باللّه سيدي عمر بن الفارض الشهير /</subfield>
		<subfield code="c">لناظمه محمد فرغلي الأنصاري الطهطاوي.</subfield>
	</datafield>
	<datafield ind1=" " ind2=" " tag="880">
		<subfield code="6">250-04/r</subfield>
		<subfield code="a">الطبعة ١.</subfield>
	</datafield>
	<datafield ind1=" " ind2=" " tag="880">
		<subfield code="6">260-05/r</subfield>
		<subfield code="a">الفجالة :</subfield>
		<subfield code="b">مطبعة التوفيق،</subfield>
		<subfield code="c">1316 [1899]</subfield>
	</datafield>
	<datafield ind1="1" ind2="4" tag="880">
		<subfield code="6">600-06/r</subfield>
		<subfield code="a">ابن الفارض، عمر بن علي.</subfield>
		<subfield code="t">ديوان.</subfield>
	</datafield>
	<datafield ind1="1" ind2=" " tag="880">
		<subfield code="6">700-07/r</subfield>
		<subfield code="a">ابن الفارض، عمر بن علي، </subfield>
		<subfield code="d">1181 or 1182-1235.</subfield>
		<subfield code="t">ديوان.</subfield>
	</datafield>
	<datafield ind1=" " ind2=" " tag="959">
		<subfield code="a">NNU</subfield>
		<subfield code="b">WEB</subfield>
		<subfield code="c">GENI</subfield>
		<subfield code="t">0</subfield>
		<subfield code="m">Electronic access</subfield>
		<subfield code="s">01</subfield>
	</datafield>
	<datafield ind1=" " ind2=" " tag="999">
		<subfield code="i">UaCaAUL_b12131301</subfield>
		<subfield code="o">(OCoLC)ocn707095816</subfield>
		<subfield code="s">auc_aco000054</subfield>
		<subfield code="e">(ERROR-880)</subfield>
		<subfield code="s">auc_aco000054</subfield>
	</datafield>
</record>
